<?xml version="1.0" encoding="UTF-8"?><collection xmlns="http://www.loc.gov/MARC21/slim"><record><leader>00385nam--2200121-i-4500</leader><controlfield tag="001">000001161</controlfield><controlfield tag="002">20161230</controlfield><controlfield tag="005">20161230201024</controlfield><controlfield tag="008">060222s1000------------r-----000-0-eng-d</controlfield><datafield ind1=" " ind2=" " tag="245"><subfield code="a">Quand les savants laissent libre cours a leur imagination.ressemble et redige sous la direction de..</subfield></datafield><datafield ind1=" " ind2=" " tag="260"><subfield code="a">Paris, Dunod, 1967. Xi + 248 P</subfield></datafield><datafield ind1=" " ind2=" " tag="700"><subfield code="a">Good, I.J., Mayne,A.J., Smith,J.M</subfield></datafield><datafield ind1=" " ind2=" " tag="852"><subfield code="a">28374</subfield></datafield></record></collection>